@book{latex,
  title = {LaTeX : A Documentation Preparation System User's Guide and Reference Manual},
  publisher = {Addison-Wesley Professional},
  year = {1994},
  author = {Leslie Lamport}
}

@article{HBPpaper,
title = "The Human Brain Project: Creating a European Research Infrastructure to Decode the Human Brain",
journal = "Neuron",
volume = "92",
number = "3",
pages = "574 - 581",
year = "2016",
issn = "0896-6273",
doi = "https://doi.org/10.1016/j.neuron.2016.10.046",
url = "http://www.sciencedirect.com/science/article/pii/S0896627316307966",
author = "Katrin Amunts and Christoph Ebell and Jeff Muller and Martin Telefont and Alois Knoll and Thomas Lippert"
}

@Inbook{NRPpaper,
author="Knoll, A.
and R{\"o}hrbein, F.
and Akl, M.
and Kuhn, A.
and Sharma, K.",
editor="Bode, Arndt
and Broy, Manfred
and Bungartz, Hans-Joachim
and Matthes, Florian",
title="Neurorobotics: From Computational Neuroscience to Intelligent Robots and Back",
bookTitle="50 Jahre Universit{\"a}ts-Informatik in M{\"u}nchen",
year="2017",
publisher="Springer Berlin Heidelberg",
address="Berlin, Heidelberg",
pages="123--128",
isbn="978-3-662-54712-0",
doi="10.1007/978-3-662-54712-0_10",
url="https://doi.org/10.1007/978-3-662-54712-0_10"
}

@INPROCEEDINGS{CASPR,
author={D. Lau and J. Eden and Y. Tan and D. Oetomo},
booktitle={2016 IEEE/RSJ International Conference on Intelligent Robots and Systems (IROS)},
title={CASPR: A comprehensive cable-robot analysis and simulation platform for the research of cable-driven parallel robots},
year={2016},
volume={},
number={},
pages={3004-3011},
doi={10.1109/IROS.2016.7759465},
ISSN={},
month={Oct},}

@misc{Roboy,
  title = {Roboy},
  howpublished = {\url{https://roboy.org/}},
  note = {Accessed: 2018-05-30}
}

@misc{ROS,
  title = {Ducumentation - ROS wiki},
  howpublished = {\url{http://wiki.ros.org/}},
  note = {Accessed: 2018-05-30}
}

@misc{Gazebo,
  title = {Gazebo},
  howpublished = {\url{http://gazebosim.org/}},
  note = {Accessed: 2018-05-30}
}

@misc{Autodesk,
  title = {Autodesk | 3D Design, Engineering & Entertainment Software},
  howpublished = {\url{https://www.autodesk.eu/}},
  note = {Accessed: 2018-05-30}
}

@misc{Blender,
  title = {blender.org - Home of Blender project - Free and Open 3D Creation Software},
  howpublished = {\url{https://www.blender.org/}},
  note = {Accessed: 2018-05-30}
}

@misc{HBP,
  title = {Human Brain Project Home},
  howpublished = {\url{https://www.humanbrainproject.eu/en/}},
  note = {Accessed: 2018-05-30}
}

@misc{NRP,
  title = {Neurorobotics Platform},
  howpublished = {\url{http://neurorobotics.net/}},
  note = {Accessed: 2018-05-30}
}